<?xml version="1.0" encoding="UTF-8"?><collection xmlns="http://www.loc.gov/MARC21/slim"><record><leader>00453nam--2200121-i-4500</leader><controlfield tag="001">000038801</controlfield><controlfield tag="002">20161230</controlfield><controlfield tag="005">20161230201042</controlfield><controlfield tag="008">060222s1000------------r-----000-0-eng-d</controlfield><datafield ind1=" " ind2=" " tag="100"><subfield code="a">Richard Marc</subfield></datafield><datafield ind1=" " ind2=" " tag="245"><subfield code="a">Mesure absolute de l`activite d`une source de neutrons. influence, sur cette mesure, de la reaction 16-0 (n, ) c-13. these pour le grade de docteur du troisieme cycle en ph.nucleaire</subfield></datafield><datafield ind1=" " ind2=" " tag="260"><subfield code="a">Lyon, Faculte Des Sciences, 1959. 41 P</subfield></datafield><datafield ind1=" " ind2=" " tag="852"><subfield code="a">6499</subfield></datafield></record></collection>